<?xml version="1.0" encoding="UTF-8"?><collection xmlns="http://www.loc.gov/MARC21/slim"><record><leader>00502nam--2200181-i-4500</leader><controlfield tag="001">000011491</controlfield><controlfield tag="002">20161230</controlfield><controlfield tag="005">20170124000855</controlfield><controlfield tag="008">060222s1000------------r-----000-0-eng-d</controlfield><datafield ind1=" " ind2=" " tag="080"><subfield code="a">546.79</subfield></datafield><datafield ind1=" " ind2=" " tag="100"><subfield code="a">Freeman, A. J</subfield></datafield><datafield ind1=" " ind2=" " tag="245"><subfield code="a">The actinides. Electronic structure and related properties</subfield></datafield><datafield ind1=" " ind2=" " tag="260"><subfield code="a">New York</subfield><subfield code="b">Academic Press</subfield><subfield code="c">1974</subfield></datafield><datafield ind1=" " ind2=" " tag="300"><subfield code="a">XIV + 386 p</subfield></datafield><datafield ind1=" " ind2=" " tag="490"><subfield code="a">Materials Science And Technology. Vol.I Si II</subfield></datafield><datafield ind1=" " ind2=" " tag="700"><subfield code="a">Darby, J. B</subfield></datafield><datafield ind1=" " ind2=" " tag="852"><subfield code="a">42599</subfield></datafield><datafield ind1=" " ind2=" " tag="CAT"><subfield code="a">SYS</subfield><subfield code="c">20170124</subfield><subfield code="h">000855</subfield></datafield></record></collection>